<record xmlns="http://www.loc.gov/MARC21/slim" xmlns:xsi="http://www.w3.org/2001/XMLSchema-instance" xsi:schemaLocation="http://www.loc.gov/MARC21/slim http://www.loc.gov/standards/marcxml/schema/MARC21slim.xsd"><leader>00468nz   2200121n  4500</leader><controlfield tag="001">oca02334964 </controlfield><controlfield tag="005">19880819105444.9</controlfield><controlfield tag="008">880805n| acannaab|          |n aaa |||  </controlfield><datafield ind1=" " ind2=" " tag="010"><subfield code="a">n  88029479 </subfield></datafield><datafield ind1=" " ind2=" " tag="040"><subfield code="a">DLC</subfield><subfield code="c">DLC</subfield><subfield code="d">DLC</subfield></datafield><datafield ind1="0" ind2=" " tag="100"><subfield code="a">Iamblichus,</subfield><subfield code="d">fl. ca. 160-180.</subfield></datafield><datafield ind1=" " ind2=" " tag="670"><subfield code="a">His Iamblichi Babyloniacorum reliquiae, 1960.</subfield></datafield><datafield ind1=" " ind2=" " tag="670"><subfield code="a">Oxf. cl. dict.</subfield><subfield code="b">(Iamblichus, fl. c. A.D. 160-80; Greek writer of Syrian origin; author of novel now lost, entitled Babyloniaka or Rhodanes and Simonis)</subfield></datafield></record>